<record><leader>00000cas a2200000 a 4500</leader><controlfield tag="001">10114959</controlfield><controlfield tag="008">831110d19661978nyuwr ne      0    0eng c</controlfield><datafield ind1=" " ind2=" " tag="010"><subfield code="a">sn 83031718 </subfield></datafield><datafield ind1=" " ind2=" " tag="040"><subfield code="a">NPU</subfield><subfield code="b">eng</subfield><subfield code="c">NPU</subfield><subfield code="d">NYS</subfield><subfield code="d">OCLCQ</subfield><subfield code="d">NYS</subfield><subfield code="d">OCLCQ</subfield><subfield code="d">OCLCF</subfield><subfield code="d">OCLCO</subfield></datafield><datafield ind1="1" ind2=" " tag="029"><subfield code="a">AU@</subfield><subfield code="b">000020629728</subfield></datafield><datafield ind1=" " ind2=" " tag="042"><subfield code="a">pcc</subfield></datafield><datafield ind1=" " ind2=" " tag="043"><subfield code="a">n-us-ny</subfield></datafield><datafield ind1="0" ind2="4" tag="245"><subfield code="a">The Yorktowner.</subfield></datafield><datafield ind1=" " ind2=" " tag="260"><subfield code="a">Yorktown, N.Y. :</subfield><subfield code="b">Yorktown Print. and Pennysaver Corp.,</subfield><subfield code="c">1966 -</subfield></datafield><datafield ind1=" " ind2=" " tag="300"><subfield code="a">v. :</subfield><subfield code="b">ill. ;</subfield><subfield code="c">45 cm.</subfield></datafield><datafield ind1=" " ind2=" " tag="310"><subfield code="a">Weekly</subfield></datafield><datafield ind1="0" ind2=" " tag="362"><subfield code="a">Vol. 1, no. 1 (Oct. 20, 1966)- vol. 12, no. 15 (Apr. 12, 1978).</subfield></datafield><datafield ind1=" " ind2=" " tag="500"><subfield code="a">Published in: Yorktown Heights, N.Y., &lt;Feb. 16, 1967-Nov. 7, 1968&gt;.</subfield></datafield><datafield ind1=" " ind2=" " tag="500"><subfield code="a">"All the news that's local."</subfield></datafield><datafield ind1=" " ind2="0" tag="651"><subfield code="a">Yorktown (N.Y. : Town)</subfield><subfield code="v">Newspapers.</subfield></datafield><datafield ind1=" " ind2="0" tag="651"><subfield code="a">Yorktown Heights (N.Y.)</subfield><subfield code="v">Newspapers.</subfield></datafield><datafield ind1=" " ind2="0" tag="651"><subfield code="a">Westchester County (N.Y.)</subfield><subfield code="v">Newspapers.</subfield></datafield><datafield ind1=" " ind2="7" tag="655"><subfield code="a">Newspapers.</subfield><subfield code="2">fast</subfield><subfield code="0">(OCoLC)fst01423814</subfield></datafield><datafield ind1=" " ind2="7" tag="651"><subfield code="a">New York (State)</subfield><subfield code="z">Westchester County.</subfield><subfield code="2">fast</subfield><subfield code="0">(OCoLC)fst01202684</subfield></datafield><datafield ind1=" " ind2="7" tag="651"><subfield code="a">New York (State)</subfield><subfield code="z">Yorktown Heights.</subfield><subfield code="2">fast</subfield><subfield code="0">(OCoLC)fst01212372</subfield></datafield><datafield ind1=" " ind2="7" tag="651"><subfield code="a">New York (State)</subfield><subfield code="z">Yorktown (Town)</subfield><subfield code="2">fast</subfield><subfield code="0">(OCoLC)fst01331567</subfield></datafield><datafield ind1=" " ind2=" " tag="752"><subfield code="a">United States</subfield><subfield code="b">New York</subfield><subfield code="c">Westchester</subfield><subfield code="d">Yorktown.</subfield></datafield><datafield ind1=" " ind2=" " tag="752"><subfield code="a">United States</subfield><subfield code="b">New York</subfield><subfield code="c">Westchester</subfield><subfield code="d">Yorktown Heights.</subfield></datafield><datafield ind1="0" ind2="0" tag="785"><subfield code="a">North county news</subfield><subfield code="w">(DLC)sn 92061857</subfield><subfield code="w">(OCoLC)26271087</subfield></datafield></record>